@inproceedings{Lu18,
  author = {Lu, Xiaopeng and Qu, Jiaming and Jiang, Yongxing and Zhao, Yanbing},
  title = {Should I Invest It? Predicting Future Success of Yelp Restaurants},
  year = {2018},
  isbn = {9781450364461},
  publisher = {Association for Computing Machinery},
  address = {New York, NY, USA},
  url = {https://doi.org/10.1145/3219104.3229287},
  doi = {10.1145/3219104.3229287},
  booktitle = {Proceedings of the Practice and Experience on Advanced Research Computing},
  articleno = {Article 64},
  numpages = {6},
  keywords = {text mining, natural language processing, advanced research computing, machine learning},
  location = {Pittsburgh, PA, USA},
  series = {PEARC â€™18}
}

@online{Alifierakis18,
  author = {Michail Alifierakis},
  title = {Using Yelp Date to Predict Restaurant Closure},
  date = {2018-01-08},
  journal = {Towards Data Science},
  url = {https://towardsdatascience.com/using-yelp-data-to-predict-restaurant-closure-8aafa4f72ad6}
}

@article{Feng16,
  author = {Jason Feng and Naho Kitade and Matthew Ritter},
  title = {Determining Restuarant Success or Failure},
  journal = {Dartmouth College},
  url = {http://www.cs.dartmouth.edu/~lorenzo/teaching/cs174/Archive/Winter2015/Projects/finals/fkr.pdf},
  year = {2015}
  }

@article{Kong16,
  author = {Angela Kong and Vivian Nguyen and Catherina Xu},
  title = {Predicting International Restaurant Succes with Yelp},
  journal = {Stanford University},
  url = {https://web.stanford.edu/class/cs221/2017/restricted/p-final/wizeng/final.pdf},
  year = {2016}
  }

@online{yelp,
  title = {Yelp Dataset},
  url = {https://www.yelp.com/dataset},
  year = {2019}
  }
